% Dingledine
@inproceedings{tor,
  author = {R. Dingledine, N. Mathewson, P. Syverson},
  title = {Tor: The Next-Generation Onion Router},
  booktitle = {Proc. 13th {USENIX} Security Symposium},
  month = {Aug.},
  year = 2004
}

% Danezis
@inproceedings{mixminion,
  title = {Mixminion: Design of a Type {III} Anonymous Remailer Protocol},
  author = {G. Danezis and R. Dingledine and N. Mathewson},
  booktitle = {Proc.~2003 {IEEE} Symposium on Security and Privacy},
  month = {May},
  year = 2003 
}

% Pfitzman
@misc{terminology,
  title = {A terminology for talking about privacy by data minimization:
                  Anonymity, Unlinkability, Undetectability,
                  Unobservability, Pseudonymity, and Identity
                  Management},
  author = {Andreas Pfitzmann and Marit Hansen}, 
  year = {2010}, 
  month = {Aug.}, 
  howpublished = {Draft}, 
  www_tags = {selected}, 
  www_section = {Misc}, 
  www_html_url = {http://dud.inf.tu-dresden.de/Anon_Terminology.shtml}, 
}

@misc{politico11,
  title = {Jon Kyl's `factual statement' flap comes full circle},
  author = {Jennifer Epstein},
  year = {2011},
  month = {Apr.},
  note = {http://www.politico.com/news/stories/0411/53214.html}

}

@inproceedings{ap3,
   author = {Mislove, Alan and Oberoi, Gaurav and Post, Ansley and Reis,
                  Charles and Druschel, Peter and Wallach, Dan S.},
   title = {AP3: cooperative, decentralized anonymous communication},
   booktitle = {Proc. ACM SIGOPS European Workshop},
   series = {EW 11},
   year = {2004},
   location = {Leuven, Belgium},
   articleno = {30}
} 

% Miller
@misc{miller56,
          volume = {63},
           title = {The Magical Number Seven, Plus or Minus Two: Some
                  Limits on Our Capacity for Processing Information},
          author = {George Miller},
            year = {1956},
           pages = {81--97},
         journal = {The Psychological Review},
        keywords = {perception, cognition, discrimination, categorization, chunking, coding, memory, language, absolute judgment, relative judgment, information processing, information limits, resources, attention},
             url = {http://cogprints.org/730/},
}


@InProceedings{sandler09,
  author = 	 {Daniel R. Sandler and Dan S. Wallach},
  title = 	 {Birds of a {FETHR}: Open, decentralized micropublishing},
  booktitle = {8th International Workshop on Peer-to-Peer Systems (IPTPS '09)},
  year = 	 2009,
  address = 	 {Boston, MA},
  month = 	 apr}
                  

@Article{latimes-char160,
  author = 	 {Mark Milian},
  title = 	 {Why text messages are limited to 160 characters},
  journal = 	 {Los Angeles Times},
  year = 	 2009,
  month = 	 may,
  note = 	 {\url{http://latimesblogs.latimes.com/technology/2009/05/invented-text-messaging.html}}}

@Article{rc5-crack,
  author = 	 {Mark Milian},
  title = 	 {Why text messages are limited to 160 characters},
  journal = 	 {Los Angeles Times},
  year = 	 2009,
  month = 	 may,
  note = 	 {\url{http://latimesblogs.latimes.com/technology/2009/05/invented-text-messaging.html}}}

@Article{ict-economy,
  author = 	 {Mudiarasan Kuppusamy and Bala Shanmugam},
  title = 	 {Information-Communication Technology and Economic Growth in Malaysia},
  journal = 	 {Review of Islamic Economics},
  year = 	 2007}

@inproceedings{passwords06,
 author = {Kuo, Cynthia and Romanosky, Sasha and Cranor, Lorrie Faith},
 title = {Human selection of mnemonic phrase-based passwords},
 booktitle = {Proceedings of the second symposium on Usable privacy and security},
 series = {SOUPS '06},
 year = {2006},
 isbn = {1-59593-448-0},
 location = {Pittsburgh, Pennsylvania},
 pages = {67--78},
 numpages = {12},
 url = {http://doi.acm.org/10.1145/1143120.1143129},
 doi = {http://doi.acm.org/10.1145/1143120.1143129},
 acmid = {1143129},
 publisher = {ACM},
 address = {New York, NY, USA},
 keywords = {mnemonic phrases, password cracking, password selection, user studies},
}
@Article{yan00,
  author = {J. Yan and A. Blackwell and A. Anderson and A. Grant},
  title = {The Memorability and Security of Passwords -- Some Empirical Results},
  year = {2000},
  journal = {Technical Report No. 500}
}

@manual{syria-facebook,
  author = {Peter Eckersley},
  organization = {Electronic Frontier Foundation},
  title = {A {Syrian} Man-In-The-Middle Attack against {Facebook}},
  year = 2011,
  month = may,
  note = {\url{https://www.eff.org/deeplinks/2011/05/syrian-man-middle-against-facebook}}}

@InProceedings{tangler,
  author = 	 {Marc Waldman and David Mazi\`{e}res},
  title = 	 {Tangler: A Censorship Resistant Publishing System Based On Document Entanglements},
  booktitle = {8th ACM Conference on Computer and Communcation Security},
  year = 	 2001,
  month = 	 nov}

@TechReport{dagster,
  author = 	 {Adam B. Stubblefield and Dan S. Wallach},
  title = 	 {Dagster: Censorship-Resistant Publishing Without Replication},
  institution =  {Rice University, Department of Computer Science},
  year = 	 2001,
  number = 	 {01-380},
  address = 	 {Houston, Texas},
  month = 	 jul}
